% This file was created with JabRef 2.7.
% Encoding: UTF8

@ARTICLE{GonzalezDelgado2013,
   author = {{Gonz{\'a}lez Delgado}, R.~M. and {P{\'e}rez}, E. and {Cid Fernandes}, R. and 
	{Garc{\'{\i}}a-Benito}, R. and {de Amorim}, A.~L. and {S{\'a}nchez}, S.~F. and 
	{Husemann}, B. and {Cortijo-Ferrero}, C. and {L{\'o}pez Fern{\'a}ndez}, R. and 
	{S{\'a}nchez-Bl{\'a}zquez}, P. and {Bekeraite}, S. and {Walcher}, C.~J. and 
	{Falc{\'o}n-Barroso}, J. and {Gallazzi}, A. and {van de Ven}, G. and 
	{Alves}, J. and {Bland-Hawthorn}, J. and {Kennicutt}, Jr., R.~C. and 
	{Kupko}, D. and {Lyubenova}, M. and {Mast}, D. and {Moll{\'a}}, M. and 
	{Marino}, R.~A. and {Quirrenbach}, A. and {V{\'{\i}}lchez}, J.~M. and 
	{Wisotzki}, L. and {$\backslash$}},
    title = "{The star formation history of CALIFA galaxies: Radial structures}",
  journal = {ArXiv e-prints},
archivePrefix = "arXiv",
   eprint = {1310.5517},
 primaryClass = "astro-ph.CO",
 keywords = {Astrophysics - Cosmology and Extragalactic Astrophysics, Astrophysics - Galaxy Astrophysics},
     year = 2013,
    month = oct,
   adsurl = {http://adsabs.harvard.edu/abs/2013arXiv1310.5517G},
  adsnote = {Provided by the SAO/NASA Astrophysics Data System}
}

@ARTICLE{CidFernandes2013a,
   author = {{Cid Fernandes}, R. and {P{\'e}rez}, E. and {Garc{\'{\i}}a Benito}, R. and 
	{Gonz{\'a}lez Delgado}, R.~M. and {de Amorim}, A.~L. and {S{\'a}nchez}, S.~F. and 
	{Husemann}, B. and {Falc{\'o}n Barroso}, J. and {S{\'a}nchez-Bl{\'a}zquez}, P. and 
	{Walcher}, C.~J. and {Mast}, D.},
    title = "{Resolving galaxies in time and space. I. Applying STARLIGHT to CALIFA datacubes}",
  journal = {\aap},
archivePrefix = "arXiv",
   eprint = {1304.5788},
 primaryClass = "astro-ph.CO",
 keywords = {galaxies: general, galaxies: stellar content, galaxies: fundamental parameters},
     year = 2013,
    month = sep,
   volume = 557,
      eid = {A86},
    pages = {A86},
      doi = {10.1051/0004-6361/201220616},
   adsurl = {http://adsabs.harvard.edu/abs/2013A%26A...557A..86C},
  adsnote = {Provided by the SAO/NASA Astrophysics Data System}
}

@ARTICLE{CidFernandes2013b,
   author = {{Cid Fernandes}, R. and {Gonzalez Delgado}, R.~M. and {Garcia Benito}, R. and 
	{Perez}, E. and {de Amorim}, A.~L. and {Sanchez}, S.~F. and 
	{Husemann}, B. and {Falcon Barroso}, J. and {Lopez-Fernandez}, R. and 
	{Sanchez-Blazquez}, P. and {Vale Asari}, N. and {Vazdekis}, A. and 
	{Walcher}, C.~J. and {Mast}, D.},
    title = "{Resolving galaxies in time and space: II: Uncertainties in the spectral synthesis of datacubes}",
  journal = {ArXiv e-prints},
archivePrefix = "arXiv",
   eprint = {1307.0562},
 primaryClass = "astro-ph.CO",
 keywords = {Astrophysics - Cosmology and Extragalactic Astrophysics, Astrophysics - Instrumentation and Methods for Astrophysics},
     year = 2013,
    month = jul,
   adsurl = {http://adsabs.harvard.edu/abs/2013arXiv1307.0562C},
  adsnote = {Provided by the SAO/NASA Astrophysics Data System}
}

@ARTICLE{Husemann2013,
   author = {{Husemann}, B. and {Jahnke}, K. and {S{\'a}nchez}, S.~F. and 
	{Barrado}, D. and {Bekerait*error*{\.e}}, S. and {Bomans}, D.~J. and 
	{Castillo-Morales}, A. and {Catal{\'a}n-Torrecilla}, C. and 
	{Cid Fernandes}, R. and {Falc{\'o}n-Barroso}, J. and {Garc{\'{\i}}a-Benito}, R. and 
	{Gonz{\'a}lez Delgado}, R.~M. and {Iglesias-P{\'a}ramo}, J. and 
	{Johnson}, B.~D. and {Kupko}, D. and {L{\'o}pez-Fernandez}, R. and 
	{Lyubenova}, M. and {Marino}, R.~A. and {Mast}, D. and {Miskolczi}, A. and 
	{Monreal-Ibero}, A. and {Gil de Paz}, A. and {P{\'e}rez}, E. and 
	{P{\'e}rez}, I. and {Rosales-Ortega}, F.~F. and {Ruiz-Lara}, T. and 
	{Schilling}, U. and {van de Ven}, G. and {Walcher}, J. and {Alves}, J. and 
	{de Amorim}, A.~L. and {Backsmann}, N. and {Barrera-Ballesteros}, J.~K. and 
	{Bland-Hawthorn}, J. and {Cortijo}, C. and {Dettmar}, R.-J. and 
	{Demleitner}, M. and {D{\'{\i}}az}, A.~I. and {Enke}, H. and 
	{Florido}, E. and {Flores}, H. and {Galbany}, L. and {Gallazzi}, A. and 
	{Garc{\'{\i}}a-Lorenzo}, B. and {Gomes}, J.~M. and {Gruel}, N. and 
	{Haines}, T. and {Holmes}, L. and {Jungwiert}, B. and {Kalinova}, V. and 
	{Kehrig}, C. and {Kennicutt}, R.~C. and {Klar}, J. and {Lehnert}, M.~D. and 
	{L{\'o}pez-S{\'a}nchez}, {\'A}.~R. and {de Lorenzo-C{\'a}ceres}, A. and 
	{M{\'a}rmol-Queralt{\'o}}, E. and {M{\'a}rquez}, I. and {Mendez-Abreu}, J. and 
	{Moll{\'a}}, M. and {del Olmo}, A. and {Meidt}, S.~E. and {Papaderos}, P. and 
	{Puschnig}, J. and {Quirrenbach}, A. and {Roth}, M.~M. and {S{\'a}nchez-Bl{\'a}zquez}, P. and 
	{Spekkens}, K. and {Singh}, R. and {Stanishev}, V. and {Trager}, S.~C. and 
	{Vilchez}, J.~M. and {Wild}, V. and {Wisotzki}, L. and {Zibetti}, S. and 
	{Ziegler}, B.},
    title = "{CALIFA, the Calar Alto Legacy Integral Field Area survey. II. First public data release}",
  journal = {\aap},
archivePrefix = "arXiv",
   eprint = {1210.8150},
 primaryClass = "astro-ph.CO",
 keywords = {techniques: spectroscopic, Galaxy: general, surveys},
     year = 2013,
    month = jan,
   volume = 549,
      eid = {A87},
    pages = {A87},
      doi = {10.1051/0004-6361/201220582},
   adsurl = {http://adsabs.harvard.edu/abs/2013A%26A...549A..87H},
  adsnote = {Provided by the SAO/NASA Astrophysics Data System}
}

@ARTICLE{Sanchez2012,
   author = {{S{\'a}nchez}, S.~F. and {Kennicutt}, R.~C. and {Gil de Paz}, A. and 
	{van de Ven}, G. and {V{\'{\i}}lchez}, J.~M. and {Wisotzki}, L. and 
	{Walcher}, C.~J. and {Mast}, D. and {Aguerri}, J.~A.~L. and 
	{Albiol-P{\'e}rez}, S. and {Alonso-Herrero}, A. and {Alves}, J. and 
	{Bakos}, J. and {Bart{\'a}kov{\'a}}, T. and {Bland-Hawthorn}, J. and 
	{Boselli}, A. and {Bomans}, D.~J. and {Castillo-Morales}, A. and 
	{Cortijo-Ferrero}, C. and {de Lorenzo-C{\'a}ceres}, A. and {Del Olmo}, A. and 
	{Dettmar}, R.-J. and {D{\'{\i}}az}, A. and {Ellis}, S. and {Falc{\'o}n-Barroso}, J. and 
	{Flores}, H. and {Gallazzi}, A. and {Garc{\'{\i}}a-Lorenzo}, B. and 
	{Gonz{\'a}lez Delgado}, R. and {Gruel}, N. and {Haines}, T. and 
	{Hao}, C. and {Husemann}, B. and {Igl{\'e}sias-P{\'a}ramo}, J. and 
	{Jahnke}, K. and {Johnson}, B. and {Jungwiert}, B. and {Kalinova}, V. and 
	{Kehrig}, C. and {Kupko}, D. and {L{\'o}pez-S{\'a}nchez}, {\'A}.~R. and 
	{Lyubenova}, M. and {Marino}, R.~A. and {M{\'a}rmol-Queralt{\'o}}, E. and 
	{M{\'a}rquez}, I. and {Masegosa}, J. and {Meidt}, S. and {Mendez-Abreu}, J. and 
	{Monreal-Ibero}, A. and {Montijo}, C. and {Mour{\~a}o}, A.~M. and 
	{Palacios-Navarro}, G. and {Papaderos}, P. and {Pasquali}, A. and 
	{Peletier}, R. and {P{\'e}rez}, E. and {P{\'e}rez}, I. and {Quirrenbach}, A. and 
	{Rela{\~n}o}, M. and {Rosales-Ortega}, F.~F. and {Roth}, M.~M. and 
	{Ruiz-Lara}, T. and {S{\'a}nchez-Bl{\'a}zquez}, P. and {Sengupta}, C. and 
	{Singh}, R. and {Stanishev}, V. and {Trager}, S.~C. and {Vazdekis}, A. and 
	{Viironen}, K. and {Wild}, V. and {Zibetti}, S. and {Ziegler}, B.
	},
    title = "{CALIFA, the Calar Alto Legacy Integral Field Area survey. I. Survey presentation}",
  journal = {\aap},
archivePrefix = "arXiv",
   eprint = {1111.0962},
 primaryClass = "astro-ph.CO",
 keywords = {techniques: spectroscopic, galaxies: active, galaxies: evolution, surveys, galaxies: ISM, galaxies: stellar content},
     year = 2012,
    month = feb,
   volume = 538,
      eid = {A8},
    pages = {A8},
      doi = {10.1051/0004-6361/201117353},
   adsurl = {http://adsabs.harvard.edu/abs/2012A%26A...538A...8S},
  adsnote = {Provided by the SAO/NASA Astrophysics Data System}
}

@ARTICLE{Perez2013,
   author = {{P{\'e}rez}, E. and {Cid Fernandes}, R. and {Gonz{\'a}lez Delgado}, R.~M. and 
	{Garc{\'{\i}}a-Benito}, R. and {S{\'a}nchez}, S.~F. and {Husemann}, B. and 
	{Mast}, D. and {Rod{\'o}n}, J.~R. and {Kupko}, D. and {Backsmann}, N. and 
	{de Amorim}, A.~L. and {van de Ven}, G. and {Walcher}, J. and 
	{Wisotzki}, L. and {Cortijo-Ferrero}, C. and {Collaboration6}, C.
	},
    title = "{The Evolution of Galaxies Resolved in Space and Time: A View of Inside-out Growth from the CALIFA Survey}",
  journal = {\apjl},
archivePrefix = "arXiv",
   eprint = {1301.1679},
 primaryClass = "astro-ph.CO",
 keywords = {galaxies: bulges, galaxies: evolution, galaxies: fundamental parameters, galaxies: stellar content, galaxies: structure},
     year = 2013,
    month = feb,
   volume = 764,
      eid = {L1},
    pages = {L1},
      doi = {10.1088/2041-8205/764/1/L1},
   adsurl = {http://adsabs.harvard.edu/abs/2013ApJ...764L...1P},
  adsnote = {Provided by the SAO/NASA Astrophysics Data System}
}

@ARTICLE{IglesiasParamo2013,
   author = {{Iglesias-P{\'a}ramo}, J. and {V{\'{\i}}lchez}, J.~M. and {Galbany}, L. and 
	{S{\'a}nchez}, S.~F. and {Rosales-Ortega}, F.~F. and {Mast}, D. and 
	{Garc{\'{\i}}a-Benito}, R. and {Husemann}, B. and {Aguerri}, J.~A.~L. and 
	{Alves}, J. and {Bekerait{\'e}}, S. and {Bland-Hawthorn}, J. and 
	{Catal{\'a}n-Torrecilla}, C. and {de Amorim}, A.~L. and {de Lorenzo-C{\'a}ceres}, A. and 
	{Ellis}, S. and {Falc{\'o}n-Barroso}, J. and {Flores}, H. and 
	{Florido}, E. and {Gallazzi}, A. and {Gomes}, J.~M. and {Gonz{\'a}lez Delgado}, R.~M. and 
	{Haines}, T. and {Hern{\'a}ndez-Fern{\'a}ndez}, J.~D. and {Kehrig}, C. and 
	{L{\'o}pez-S{\'a}nchez}, A.~R. and {Lyubenova}, M. and {Marino}, R.~A. and 
	{Moll{\'a}}, M. and {Monreal-Ibero}, A. and {Mour{\~a}o}, A. and 
	{Papaderos}, P. and {Rodrigues}, M. and {S{\'a}nchez-Bl{\'a}zquez}, P. and 
	{Spekkens}, K. and {Stanishev}, V. and {van de Ven}, G. and 
	{Walcher}, C.~J. and {Wisotzki}, L. and {Zibetti}, S. and {Ziegler}, B.
	},
    title = "{Aperture corrections for disk galaxy properties derived from the CALIFA survey. Balmer emission lines in spiral galaxies}",
  journal = {\aap},
archivePrefix = "arXiv",
   eprint = {1304.1644},
 primaryClass = "astro-ph.CO",
 keywords = {techniques: spectroscopic, galaxies: evolution, surveys, galaxies: ISM},
     year = 2013,
    month = may,
   volume = 553,
      eid = {L7},
    pages = {L7},
      doi = {10.1051/0004-6361/201321460},
   adsurl = {http://adsabs.harvard.edu/abs/2013A%26A...553L...7I},
  adsnote = {Provided by the SAO/NASA Astrophysics Data System}
}

@ARTICLE{Kauffmann2003,
   author = {{Kauffmann}, G. and {Heckman}, T.~M. and {White}, S.~D.~M. and 
	{Charlot}, S. and {Tremonti}, C. and {Peng}, E.~W. and {Seibert}, M. and 
	{Brinkmann}, J. and {Nichol}, R.~C. and {SubbaRao}, M. and {York}, D.
	},
    title = "{The dependence of star formation history and internal structure on stellar mass for 10$^{5}$ low-redshift galaxies}",
  journal = {\mnras},
   eprint = {astro-ph/0205070},
 keywords = {galaxies: evolution, galaxies: formation, galaxies: stellar content},
     year = 2003,
    month = may,
   volume = 341,
    pages = {54-69},
      doi = {10.1046/j.1365-8711.2003.06292.x},
   adsurl = {http://adsabs.harvard.edu/abs/2003MNRAS.341...54K},
  adsnote = {Provided by the SAO/NASA Astrophysics Data System}
}

@ARTICLE{RosalesOrtega2010,
   author = {{Rosales-Ortega}, F.~F. and {Kennicutt}, R.~C. and {S{\'a}nchez}, S.~F. and 
	{D{\'{\i}}az}, A.~I. and {Pasquali}, A. and {Johnson}, B.~D. and 
	{Hao}, C.~N.},
    title = "{PINGS: the PPAK IFS Nearby Galaxies Survey}",
  journal = {\mnras},
archivePrefix = "arXiv",
   eprint = {1002.1946},
 primaryClass = "astro-ph.CO",
 keywords = {methods: observational, techniques: spectroscopic, surveys, ISM: abundances, galaxies: abundances, galaxies: general},
     year = 2010,
    month = jun,
   volume = 405,
    pages = {735-758},
      doi = {10.1111/j.1365-2966.2010.16498.x},
   adsurl = {http://adsabs.harvard.edu/abs/2010MNRAS.405..735R},
  adsnote = {Provided by the SAO/NASA Astrophysics Data System}
}

@ARTICLE{Johnston2012,
   author = {{Johnston}, E.~J. and {Arag{\'o}n-Salamanca}, A. and {Merrifield}, M.~R. and 
	{Bedregal}, A.~G.},
    title = "{Spectroscopic bulge-disc decomposition: a new method to study the evolution of lenticular galaxies}",
  journal = {\mnras},
archivePrefix = "arXiv",
   eprint = {1202.6064},
 primaryClass = "astro-ph.CO",
 keywords = {galaxies: clusters: general, galaxies: elliptical and lenticular, cD, galaxies: evolution, galaxies: formation, galaxies: stellar content},
     year = 2012,
    month = may,
   volume = 422,
    pages = {2590-2599},
      doi = {10.1111/j.1365-2966.2012.20813.x},
   adsurl = {http://adsabs.harvard.edu/abs/2012MNRAS.422.2590J},
  adsnote = {Provided by the SAO/NASA Astrophysics Data System}
}

@ARTICLE{Simard2002,
   author = {{Simard}, L. and {Willmer}, C.~N.~A. and {Vogt}, N.~P. and {Sarajedini}, V.~L. and 
	{Phillips}, A.~C. and {Weiner}, B.~J. and {Koo}, D.~C. and {Im}, M. and 
	{Illingworth}, G.~D. and {Faber}, S.~M.},
    title = "{DEEP Groth Strip Survey. II. (Simard+, 2002)}",
  journal = {VizieR Online Data Catalog},
 keywords = {Models, Galaxies: photometry},
     year = 2002,
    month = sep,
   volume = 214,
    pages = {20001},
   adsurl = {http://adsabs.harvard.edu/abs/2002yCat..21420001S},
  adsnote = {Provided by the SAO/NASA Astrophysics Data System}
}

@ARTICLE{DeSouza2004,
   author = {{de Souza}, R.~E. and {Gadotti}, D.~A. and {dos Anjos}, S.},
    title = "{BUDDA: A New Two-dimensional Bulge/Disk Decomposition Code for Detailed Structural Analysis of Galaxies}",
  journal = {\apjs},
   eprint = {astro-ph/0404103},
 keywords = {Galaxies: Fundamental Parameters, Galaxies: Photometry, Galaxies: Statistics, Galaxies: Structure, Techniques: Image Processing, Techniques: Photometric},
     year = 2004,
    month = aug,
   volume = 153,
    pages = {411-427},
      doi = {10.1086/421554},
   adsurl = {http://adsabs.harvard.edu/abs/2004ApJS..153..411D},
  adsnote = {Provided by the SAO/NASA Astrophysics Data System}
}

@ARTICLE{MendezAbreu2008,
   author = {{M{\'e}ndez-Abreu}, J. and {Aguerri}, J.~A.~L. and {Corsini}, E.~M. and 
	{Simonneau}, E.},
    title = "{Structural properties of disk galaxies. I. The intrinsic equatorial ellipticity of bulges}",
  journal = {\aap},
 keywords = {galaxies: bulges, galaxies: formation, galaxies: fundamental parameters, galaxies: photometry, galaxies: statistics, galaxies: structure},
     year = 2008,
    month = feb,
   volume = 478,
    pages = {353-369},
      doi = {10.1051/0004-6361:20078089},
   adsurl = {http://adsabs.harvard.edu/abs/2008A%26A...478..353M},
  adsnote = {Provided by the SAO/NASA Astrophysics Data System}
}

@ARTICLE{Peng2010,
   author = {{Peng}, C.~Y. and {Ho}, L.~C. and {Impey}, C.~D. and {Rix}, H.-W.
	},
    title = "{Detailed Decomposition of Galaxy Images. II. Beyond Axisymmetric Models}",
  journal = {\aj},
archivePrefix = "arXiv",
   eprint = {0912.0731},
 primaryClass = "astro-ph.CO",
 keywords = {galaxies: bulges, galaxies: fundamental parameters, galaxies: structure, techniques: image processing, techniques: photometric},
     year = 2010,
    month = jun,
   volume = 139,
    pages = {2097-2129},
      doi = {10.1088/0004-6256/139/6/2097},
   adsurl = {http://adsabs.harvard.edu/abs/2010AJ....139.2097P},
  adsnote = {Provided by the SAO/NASA Astrophysics Data System}
}

@ARTICLE{Haussler2013,
   author = {{H{\"a}u{\ss}ler}, B. and {Bamford}, S.~P. and {Vika}, M. and 
	{Rojas}, A.~L. and {Barden}, M. and {Kelvin}, L.~S. and {Alpaslan}, M. and 
	{Robotham}, A.~S.~G. and {Driver}, S.~P. and {Baldry}, I.~K. and 
	{Brough}, S. and {Hopkins}, A.~M. and {Liske}, J. and {Nichol}, R.~C. and 
	{Popescu}, C.~C. and {Tuffs}, R.~J.},
    title = "{MegaMorph - multiwavelength measurement of galaxy structure: complete S{\'e}rsic profile information from modern surveys}",
  journal = {\mnras},
archivePrefix = "arXiv",
   eprint = {1212.3332},
 primaryClass = "astro-ph.CO",
 keywords = {methods: data analysis, techniques: image processing, galaxies: fundamental parameters, galaxies: structure},
     year = 2013,
    month = mar,
   volume = 430,
    pages = {330-369},
      doi = {10.1093/mnras/sts633},
   adsurl = {http://adsabs.harvard.edu/abs/2013MNRAS.430..330H},
  adsnote = {Provided by the SAO/NASA Astrophysics Data System}
}

@ARTICLE{Freeman1970,
   author = {{Freeman}, K.~C.},
    title = "{On the Disks of Spiral and so Galaxies}",
  journal = {\apj},
     year = 1970,
    month = jun,
   volume = 160,
    pages = {811},
      doi = {10.1086/150474},
   adsurl = {http://adsabs.harvard.edu/abs/1970ApJ...160..811F},
  adsnote = {Provided by the SAO/NASA Astrophysics Data System}
}

@ARTICLE{Moles2008,
   author = {{Moles}, M. and {Ben{\'{\i}}tez}, N. and {Aguerri}, J.~A.~L. and 
	{Alfaro}, E.~J. and {Broadhurst}, T. and {Cabrera-Ca{\~n}o}, J. and 
	{Castander}, F.~J. and {Cepa}, J. and {Cervi{\~n}o}, M. and 
	{Crist{\'o}bal-Hornillos}, D. and {Fern{\'a}ndez-Soto}, A. and 
	{Gonz{\'a}lez Delgado}, R.~M. and {Infante}, L. and {M{\'a}rquez}, I. and 
	{Mart{\'{\i}}nez}, V.~J. and {Masegosa}, J. and {del Olmo}, A. and 
	{Perea}, J. and {Prada}, F. and {Quintana}, J.~M. and {S{\'a}nchez}, S.~F.
	},
    title = "{The Alhambra Survey: a Large Area Multimedium-Band Optical and Near-Infrared Photometric Survey}",
  journal = {\aj},
archivePrefix = "arXiv",
   eprint = {0806.3021},
 keywords = {cosmology: observations, galaxies: evolution, surveys, techniques: photometric},
     year = 2008,
    month = sep,
   volume = 136,
    pages = {1325-1339},
      doi = {10.1088/0004-6256/136/3/1325},
   adsurl = {http://adsabs.harvard.edu/abs/2008AJ....136.1325M},
  adsnote = {Provided by the SAO/NASA Astrophysics Data System}
}

@ARTICLE{Scoville2007,
   author = {{Scoville}, N. and {Aussel}, H. and {Brusa}, M. and {Capak}, P. and 
	{Carollo}, C.~M. and {Elvis}, M. and {Giavalisco}, M. and {Guzzo}, L. and 
	{Hasinger}, G. and {Impey}, C. and {Kneib}, J.-P. and {LeFevre}, O. and 
	{Lilly}, S.~J. and {Mobasher}, B. and {Renzini}, A. and {Rich}, R.~M. and 
	{Sanders}, D.~B. and {Schinnerer}, E. and {Schminovich}, D. and 
	{Shopbell}, P. and {Taniguchi}, Y. and {Tyson}, N.~D.},
    title = "{The Cosmic Evolution Survey (COSMOS): Overview}",
  journal = {\apjs},
   eprint = {astro-ph/0612305},
 keywords = {Cosmology: Observations, Cosmology: Dark Matter, Galaxies: Evolution, Galaxies: Formation, Cosmology: Large-Scale Structure of Universe, Surveys},
     year = 2007,
    month = sep,
   volume = 172,
    pages = {1-8},
      doi = {10.1086/516585},
   adsurl = {http://adsabs.harvard.edu/abs/2007ApJS..172....1S},
  adsnote = {Provided by the SAO/NASA Astrophysics Data System}
}

@ARTICLE{Vika2013,
   author = {{Vika}, M. and {Bamford}, S.~P. and {H{\"a}u{\ss}ler}, B. and 
	{Rojas}, A.~L. and {Borch}, A. and {Nichol}, R.~C.},
    title = "{MegaMorph - multiwavelength measurement of galaxy structure. S{\'e}rsic profile fits to galaxies near and far}",
  journal = {\mnras},
archivePrefix = "arXiv",
   eprint = {1307.4996},
 primaryClass = "astro-ph.CO",
 keywords = {methods: data analysis, techniques: image processing, galaxies: fundamental parameters, galaxies: photometry, galaxies: structure},
     year = 2013,
    month = oct,
   volume = 435,
    pages = {623-649},
      doi = {10.1093/mnras/stt1320},
   adsurl = {http://adsabs.harvard.edu/abs/2013MNRAS.435..623V},
  adsnote = {Provided by the SAO/NASA Astrophysics Data System}
}

%%%%%%%%%%%%%

@ARTICLE{DaCosta1988,
  author = {{da Costa}, L.~N. and {Pellegrini}, P.~S. and {Sargent}, W.~L.~W.
	and {Tonry}, J. and {Davis}, M. and {Meiksin}, A. and {Latham}, D.~W.
	and {Menzies}, J.~W. and {Coulson}, I.~A.},
  title = {{The Southern Sky Redshift Survey}},
  journal = {\apj},
  year = {1988},
  volume = {327},
  pages = {544-560},
  month = apr,
  adsnote = {Provided by the SAO/NASA Astrophysics Data System},
  adsurl = {http://adsabs.harvard.edu/abs/1988ApJ...327..544D},
  doi = {10.1086/166215},
  keywords = {COSMOLOGY, GALACTIC CLUSTERS, RED SHIFT, SKY SURVEYS (ASTRONOMY),
	SOUTHERN SKY, STELLAR LUMINOSITY, ASTRONOMICAL CATALOGS, COMPUTATIONAL
	ASTROPHYSICS, MORPHOLOGY}
}

@ARTICLE{vanDuinen1975,
  author = {{van Duinen}, R.~J. and {Aalders}, J.~W.~G. and {Wesselius}, P.~R.
	and {Wildeman}, K.~J. and {Wu}, C.~C. and {Luinge}, W. and {Snel},
	D.},
  title = {{The ultraviolet experiment onboard the astronomical Netherlands
	satellite - ANS}},
  journal = {\aap},
  year = {1975},
  volume = {39},
  pages = {159-163},
  month = feb,
  adsnote = {Provided by the SAO/NASA Astrophysics Data System},
  adsurl = {http://adsabs.harvard.edu/abs/1975A%26A....39..159V},
  keywords = {ASTRONOMICAL NETHERLANDS SATELLITE, SATELLITE-BORNE INSTRUMENTS, SPACEBORNE
	ASTRONOMY, ULTRAVIOLET PHOTOMETRY, SPECTRAL LINE WIDTH, STELLAR SPECTROPHOTOMETRY,
	ULTRAVIOLET SPECTROPHOTOMETERS}
}

@ARTICLE{Abazajian2009,
  author = {{Abazajian}, K.~N. and {Adelman-McCarthy}, J.~K. and {Ag{\"u}eros},
	M.~A. and {Allam}, S.~S. and {Allende Prieto}, C. and {An}, D. and
	{Anderson}, K.~S.~J. and {Anderson}, S.~F. and {Annis}, J. and {Bahcall},
	N.~A. and et al.},
  title = {{The Seventh Data Release of the Sloan Digital Sky Survey}},
  journal = {\apjs},
  year = {2009},
  volume = {182},
  pages = {543-558},
  month = jun,
  eid = {543},
  adsnote = {Provided by the SAO/NASA Astrophysics Data System},
  adsurl = {http://adsabs.harvard.edu/abs/2009ApJS..182..543A},
  archiveprefix = {arXiv},
  doi = {10.1088/0067-0049/182/2/543},
  eprint = {0812.0649},
  keywords = {atlases, catalogs, surveys}
}

@PHDTHESIS{Asari2010,
  author = {{Asari}, N. V.},
  title = {Evolução química e história de formação estelar no Universo local},
  school = {Curso de Pós-Graduação em Física da Universidade Federal de Santa
	Catarina \& 
	
	École Doctorale d’Astronomie et Astrophysique d'île-de-France, Observatoire
	de Paris},
  year = {2010},
  owner = {andre},
  timestamp = {2011.12.14}
}

@ARTICLE{Asari2007,
  author = {{Asari}, N.~V. and {Cid Fernandes}, R. and {Stasi{\'n}ska}, G. and
	{Torres-Papaqui}, J.~P. and {Mateus}, A. and {Sodr{\'e}}, L. and
	{Schoenell}, W. and {Gomes}, J.~M.},
  title = {{The history of star-forming galaxies in the Sloan Digital Sky Survey}},
  journal = {\mnras},
  year = {2007},
  volume = {381},
  pages = {263-279},
  month = oct,
  adsnote = {Provided by the SAO/NASA Astrophysics Data System},
  adsurl = {http://adsabs.harvard.edu/abs/2007MNRAS.381..263A},
  archiveprefix = {arXiv},
  doi = {10.1111/j.1365-2966.2007.12255.x},
  eprint = {0707.3578},
  keywords = {galaxies: evolution, galaxies: statistics, galaxies: stellar content}
}

@ARTICLE{Baldry2004,
  author = {{Baldry}, I.~K. and {Glazebrook}, K. and {Brinkmann}, J. and {Ivezi{\'c}},
	{\v Z}. and {Lupton}, R.~H. and {Nichol}, R.~C. and {Szalay}, A.~S.},
  title = {{Quantifying the Bimodal Color-Magnitude Distribution of Galaxies}},
  journal = {\apj},
  year = {2004},
  volume = {600},
  pages = {681-694},
  month = jan,
  adsnote = {Provided by the SAO/NASA Astrophysics Data System},
  adsurl = {http://adsabs.harvard.edu/abs/2004ApJ...600..681B},
  doi = {10.1086/380092},
  eprint = {arXiv:astro-ph/0309710},
  keywords = {Galaxies: Evolution, Galaxies: Fundamental Parameters, Galaxies: Luminosity
	Function, Mass Function, Galaxies: Photometry}
}

@ARTICLE{Baldwin1981,
  author = {{Baldwin}, J.~A. and {Phillips}, M.~M. and {Terlevich}, R.},
  title = {{Classification parameters for the emission-line spectra of extragalactic
	objects}},
  journal = {\pasp},
  year = {1981},
  volume = {93},
  pages = {5-19},
  month = feb,
  adsnote = {Provided by the SAO/NASA Astrophysics Data System},
  adsurl = {http://adsabs.harvard.edu/abs/1981PASP...93....5B},
  doi = {10.1086/130766},
  keywords = {ASTRONOMICAL SPECTROSCOPY, EMISSION SPECTRA, LINE SPECTRA, QUASARS,
	SEYFERT GALAXIES, CLASSIFICATIONS, H II REGIONS, PHOTOIONIZATION,
	PLANETARY NEBULAE, SHOCK HEATING}
}

@ARTICLE{Bell2006,
  author = {Bell, G. and Gray, J. and Szalay, A.},
  title = {Petascale computational systems},
  journal = {Computer},
  year = {2006},
  volume = {39},
  pages = { 110 - 112},
  number = {1},
  month = {jan.},
  doi = {10.1109/MC.2006.29},
  issn = {0018-9162},
  keywords = { cyberinfrastructure; data-intensitive scientific need; petascale
	computational system; power-law distribution; resource allocation;
	Internet; natural sciences computing; resource allocation;}
}

@ARTICLE{Benitez2009,
  author = {{Ben{\'{\i}}tez}, N. and {Gazta{\~n}aga}, E. and {Miquel}, R. and
	{Castander}, F. and {Moles}, M. and {Crocce}, M. and {Fern{\'a}ndez-Soto},
	A. and {Fosalba}, P. and {Ballesteros}, F. and {Campa}, J. and {Cardiel-Sas},
	L. and {Castilla}, J. and {Crist{\'o}bal-Hornillos}, D. and {Delfino},
	M. and {Fern{\'a}ndez}, E. and {Fern{\'a}ndez-Sopuerta}, C. and {Garc{\'{\i}}a-Bellido},
	J. and {Lobo}, J.~A. and {Mart{\'{\i}}nez}, V.~J. and {Ortiz}, A.
	and {Pacheco}, A. and {Paredes}, S. and {Pons-Border{\'{\i}}a}, M.~J.
	and {S{\'a}nchez}, E. and {S{\'a}nchez}, S.~F. and {Varela}, J. and
	{de Vicente}, J.~F.},
  title = {{Measuring Baryon Acoustic Oscillations Along the Line of Sight with
	Photometric Redshifts: The PAU Survey}},
  journal = {\apj},
  year = {2009},
  volume = {691},
  pages = {241-260},
  month = jan,
  adsnote = {Provided by the SAO/NASA Astrophysics Data System},
  adsurl = {http://adsabs.harvard.edu/abs/2009ApJ...691..241B},
  archiveprefix = {arXiv},
  doi = {10.1088/0004-637X/691/1/241},
  eprint = {0807.0535},
  keywords = {cosmological parameters, large-scale structure of universe}
}

@ARTICLE{Bian2006,
  author = {{Bian}, W. and {Gu}, Q. and {Zhao}, Y. and {Chao}, L. and {Cui},
	Q. },
  title = {{Stellar and gaseous velocity dispersions in type II AGNs at 0.3
	{\lt} z {\lt} 0.83 from the Sloan Digital Sky Survey}},
  journal = {\mnras},
  year = {2006},
  volume = {372},
  pages = {876-884},
  month = oct,
  adsnote = {Provided by the SAO/NASA Astrophysics Data System},
  adsurl = {http://adsabs.harvard.edu/abs/2006MNRAS.372..876B},
  doi = {10.1111/j.1365-2966.2006.10915.x},
  eprint = {arXiv:astro-ph/0608131},
  keywords = {galaxies: active, galaxies: nuclei, quasars: emission lines}
}

@ARTICLE{Blanton2007,
  author = {{Blanton}, M.~R. and {Roweis}, S.},
  title = {{K-Corrections and Filter Transformations in the Ultraviolet, Optical,
	and Near-Infrared}},
  journal = {\aj},
  year = {2007},
  volume = {133},
  pages = {734-754},
  month = feb,
  adsnote = {Provided by the SAO/NASA Astrophysics Data System},
  adsurl = {http://adsabs.harvard.edu/abs/2007AJ....133..734B},
  doi = {10.1086/510127},
  eprint = {arXiv:astro-ph/0606170},
  keywords = {galaxies: fundamental parameters, galaxies: photometry, galaxies:
	statistics}
}

@ARTICLE{Boksenberg1973,
  author = {{Boksenberg}, A. and {Evans}, R.~G. and {Fowler}, R.~G. and {Gardner},
	I.~S.~K. and {Houziaux}, L. and {Humphries}, C.~M. and {Jamar}, C.
	and {Macau}, D. and {Malaise}, D. and {Monfils}, A. and {Nandy},
	K. and {Thompson}, G.~I. and {Wilson}, R. and {Wroe}, H. },
  title = {{The ultra-violet sky-survey telescope in the TD-IA satellite.}},
  journal = {\mnras},
  year = {1973},
  volume = {163},
  pages = {291-322},
  adsnote = {Provided by the SAO/NASA Astrophysics Data System},
  adsurl = {http://adsabs.harvard.edu/abs/1973MNRAS.163..291B}
}

@INPROCEEDINGS{Born2010,
  author = {{Born}, A.~J.},
  title = {{VISTA, a success story: from conceptual design to operation}},
  booktitle = {Society of Photo-Optical Instrumentation Engineers (SPIE) Conference
	Series},
  year = {2010},
  volume = {7738},
  series = {Society of Photo-Optical Instrumentation Engineers (SPIE) Conference
	Series},
  month = jul,
  adsnote = {Provided by the SAO/NASA Astrophysics Data System},
  adsurl = {http://adsabs.harvard.edu/abs/2010SPIE.7738E..59B},
  doi = {10.1117/12.857013}
}

@ARTICLE{Borucki2010,
  author = {{Borucki}, W.~J. and {Koch}, D. and {Basri}, G. and {Batalha}, N.
	and {Brown}, T. and {Caldwell}, D. and {Caldwell}, J. and {Christensen-Dalsgaard},
	J. and {Cochran}, W.~D. and {DeVore}, E. and {Dunham}, E.~W. and
	{Dupree}, A.~K. and {Gautier}, T.~N. and {Geary}, J.~C. and {Gilliland},
	R. and {Gould}, A. and {Howell}, S.~B. and {Jenkins}, J.~M. and {Kondo},
	Y. and {Latham}, D.~W. and {Marcy}, G.~W. and {Meibom}, S. and {Kjeldsen},
	H. and {Lissauer}, J.~J. and {Monet}, D.~G. and {Morrison}, D. and
	{Sasselov}, D. and {Tarter}, J. and {Boss}, A. and {Brownlee}, D.
	and {Owen}, T. and {Buzasi}, D. and {Charbonneau}, D. and {Doyle},
	L. and {Fortney}, J. and {Ford}, E.~B. and {Holman}, M.~J. and {Seager},
	S. and {Steffen}, J.~H. and {Welsh}, W.~F. and {Rowe}, J. and {Anderson},
	H. and {Buchhave}, L. and {Ciardi}, D. and {Walkowicz}, L. and {Sherry},
	W. and {Horch}, E. and {Isaacson}, H. and {Everett}, M.~E. and {Fischer},
	D. and {Torres}, G. and {Johnson}, J.~A. and {Endl}, M. and {MacQueen},
	P. and {Bryson}, S.~T. and {Dotson}, J. and {Haas}, M. and {Kolodziejczak},
	J. and {Van Cleve}, J. and {Chandrasekaran}, H. and {Twicken}, J.~D.
	and {Quintana}, E.~V. and {Clarke}, B.~D. and {Allen}, C. and {Li},
	J. and {Wu}, H. and {Tenenbaum}, P. and {Verner}, E. and {Bruhweiler},
	F. and {Barnes}, J. and {Prsa}, A.},
  title = {{Kepler Planet-Detection Mission: Introduction and First Results}},
  journal = {Science},
  year = {2010},
  volume = {327},
  pages = {977-},
  month = feb,
  adsnote = {Provided by the SAO/NASA Astrophysics Data System},
  adsurl = {http://adsabs.harvard.edu/abs/2010Sci...327..977B},
  doi = {10.1126/science.1185402}
}

@ARTICLE{Bowyer1993,
  author = {{Bowyer}, S. and {Sasseen}, T.~P. and {Lampton}, M. and {Wu}, X.
	},
  title = {{In-Flight Performance and Preliminary Results from the Far Ultraviolet
	Space Telescope (Faust) Flown on ATLAS-1}},
  journal = {\apj},
  year = {1993},
  volume = {415},
  pages = {875-+},
  month = oct,
  adsnote = {Provided by the SAO/NASA Astrophysics Data System},
  adsurl = {http://adsabs.harvard.edu/abs/1993ApJ...415..875B},
  doi = {10.1086/173209},
  keywords = {ARTIFICIAL SATELLITES, SPACE PROBES, INSTRUMENTATION: DETECTORS, TELESCOPES,
	ULTRAVIOLET: GENERAL, ULTRAVIOLET: STARS}
}

@ARTICLE{Bruzual2003,
  author = {{Bruzual}, G. and {Charlot}, S.},
  title = {{Stellar population synthesis at the resolution of 2003}},
  journal = {\mnras},
  year = {2003},
  volume = {344},
  pages = {1000-1028},
  month = oct,
  adsnote = {Provided by the SAO/NASA Astrophysics Data System},
  adsurl = {http://adsabs.harvard.edu/abs/2003MNRAS.344.1000B},
  doi = {10.1046/j.1365-8711.2003.06897.x},
  eprint = {arXiv:astro-ph/0309134},
  keywords = {stars: evolution, galaxies: evolution, galaxies: formation, galaxies:
	stellar content}
}

@ARTICLE{Budavari2009,
  author = {{Budav{\'a}ri}, T. and {Heinis}, S. and {Szalay}, A.~S. and {Nieto-Santisteban},
	M. and {Gupchup}, J. and {Shiao}, B. and {Smith}, M. and {Chang},
	R. and {Kauffmann}, G. and {Morrissey}, P. and {Schiminovich}, D.
	and {Milliard}, B. and {Wyder}, T.~K. and {Martin}, D.~C. and {Barlow},
	T.~A. and {Seibert}, M. and {Forster}, K. and {Bianchi}, L. and {Donas},
	J. and {Friedman}, P.~G. and {Heckman}, T.~M. and {Lee}, Y.-W. and
	{Madore}, B.~F. and {Neff}, S.~G. and {Rich}, R.~M. and {Welsh},
	B.~Y.},
  title = {{GALEX-SDSS Catalogs for Statistical Studies}},
  journal = {\apj},
  year = {2009},
  volume = {694},
  pages = {1281-1292},
  month = apr,
  adsnote = {Provided by the SAO/NASA Astrophysics Data System},
  adsurl = {http://adsabs.harvard.edu/abs/2009ApJ...694.1281B},
  archiveprefix = {arXiv},
  doi = {10.1088/0004-637X/694/2/1281},
  eprint = {0904.1392},
  keywords = {catalogs, methods: statistical, surveys, ultraviolet: general},
  primaryclass = {astro-ph.CO}
}

@ARTICLE{Budavari2008,
  author = {{Budav{\'a}ri}, T. and {Szalay}, A.~S.},
  title = {{Probabilistic Cross-Identification of Astronomical Sources}},
  journal = {\apj},
  year = {2008},
  volume = {679},
  pages = {301-309},
  month = may,
  adsnote = {Provided by the SAO/NASA Astrophysics Data System},
  adsurl = {http://adsabs.harvard.edu/abs/2008ApJ...679..301B},
  archiveprefix = {arXiv},
  doi = {10.1086/587156},
  eprint = {0707.1611},
  keywords = {Astrometry, Catalogs, Galaxies: Statistics, Methods: Statistical}
}

@ARTICLE{Calzetti1994,
  author = {{Calzetti}, D. and {Kinney}, A.~L. and {Storchi-Bergmann}, T. },
  title = {{Dust extinction of the stellar continua in starburst galaxies: The
	ultraviolet and optical extinction law}},
  journal = {\apj},
  year = {1994},
  volume = {429},
  pages = {582-601},
  month = jul,
  adsnote = {Provided by the SAO/NASA Astrophysics Data System},
  adsurl = {http://adsabs.harvard.edu/abs/1994ApJ...429..582C},
  doi = {10.1086/174346},
  keywords = {ASTRONOMICAL MODELS, CONTINUUMS, DISTRIBUTION FUNCTIONS, INTERPLANETARY
	DUST, INTERSTELLAR EXTINCTION, METALLICITY, SPECTRA, SPECTRAL ENERGY
	DISTRIBUTION, STARBURST GALAXIES, ULTRAVIOLET SPECTRA, ANALYTIC FUNCTIONS,
	APERTURES, AVERAGE, CALIBRATING, DERIVATION, EXTRACTION, IUE, NUMERICAL
	ANALYSIS, OPTIMIZATION, PHOTOMETRY}
}

@ARTICLE{Cardelli1989,
  author = {{Cardelli}, J.~A. and {Clayton}, G.~C. and {Mathis}, J.~S.},
  title = {{The relationship between infrared, optical, and ultraviolet extinction}},
  journal = {\apj},
  year = {1989},
  volume = {345},
  pages = {245-256},
  month = oct,
  adsnote = {Provided by the SAO/NASA Astrophysics Data System},
  adsurl = {http://adsabs.harvard.edu/abs/1989ApJ...345..245C},
  doi = {10.1086/167900},
  keywords = {INFRARED SPECTRA, INTERSTELLAR EXTINCTION, ULTRAVIOLET SPECTRA, VISIBLE
	SPECTRUM, COMPUTATIONAL ASTROPHYSICS, INTERSTELLAR MATTER, IUE}
}

@ARTICLE{Carruthers1973,
  author = {{Carruthers}, G.~R.},
  title = {{Apollo 16 far-ultraviolet camera/spectrograph: Instrument and operations.}},
  journal = {\ao},
  year = {1973},
  volume = {12},
  pages = {2501-2508},
  adsnote = {Provided by the SAO/NASA Astrophysics Data System},
  adsurl = {http://adsabs.harvard.edu/abs/1973ApOpt..12.2501C},
  doi = {10.1364/AO.12.002501}
}

@INPROCEEDINGS{Chamberlin1974,
  author = {{Chamberlin}, Donald~D. and {Boyce}, Raymond~F.},
  title = {SEQUEL: A structured English query language},
  booktitle = {Proceedings of the 1974 ACM SIGFIDET (now SIGMOD) workshop on Data
	description, access and control},
  year = {1974},
  series = {SIGFIDET '74},
  pages = {249--264},
  address = {New York, NY, USA},
  publisher = {ACM},
  acmid = {811515},
  doi = {http://doi.acm.org/10.1145/800296.811515},
  keywords = {Data Base Management Systems, Data Manipulation Languages, Information
	Retrieval, Query Languages},
  location = {Ann Arbor, Michigan},
  numpages = {16},
  url = {http://doi.acm.org/10.1145/800296.811515}
}

@ARTICLE{Chilingarian2011,
  author = {{Chilingarian}, I. and {Zolotukhin}, I.},
  title = {{A universal ultraviolet-optical colour-colour-magnitude relation
	of galaxies}},
  journal = {ArXiv e-prints},
  year = {2011},
  month = feb,
  adsnote = {Provided by the SAO/NASA Astrophysics Data System},
  adsurl = {http://adsabs.harvard.edu/abs/2011arXiv1102.1159C},
  archiveprefix = {arXiv},
  eprint = {1102.1159},
  keywords = {Astrophysics - Cosmology and Extragalactic Astrophysics, Astrophysics
	- Instrumentation and Methods for Astrophysics},
  primaryclass = {astro-ph.CO}
}

@ARTICLE{CidFernandes2006,
  author = {{Cid Fernandes}, R.},
  title = {{Paleontology of Galaxies: recovering the star formation and chemical
	enrichment histories from galaxy spectra}},
  journal = {Boletin de la Asociacion Argentina de Astronomia La Plata Argentina},
  year = {2006},
  volume = {49},
  pages = {228-237},
  adsnote = {Provided by the SAO/NASA Astrophysics Data System},
  adsurl = {http://adsabs.harvard.edu/abs/2006BAAA...49..228C}
}

@ARTICLE{CidFernandes2005,
  author = {{Cid Fernandes}, R. and {Mateus}, A. and {Sodr{\'e}}, L. and {Stasi{\'n}ska},
	G. and {Gomes}, J.~M.},
  title = {{Semi-empirical analysis of Sloan Digital Sky Survey galaxies - I.
	Spectral synthesis method}},
  journal = {\mnras},
  year = {2005},
  volume = {358},
  pages = {363-378},
  month = apr,
  adsnote = {Provided by the SAO/NASA Astrophysics Data System},
  adsurl = {http://adsabs.harvard.edu/abs/2005MNRAS.358..363C},
  doi = {10.1111/j.1365-2966.2005.08752.x},
  eprint = {arXiv:astro-ph/0412481},
  keywords = {galaxies: evolution, galaxies: fundamental parameters, galaxies: statistics,
	galaxies: stellar content}
}

@ARTICLE{CidFernandes2011,
  author = {{Cid Fernandes}, R. and {Stasi{\'n}ska}, G. and {Mateus}, A. and
	{Vale Asari}, N.},
  title = {{A comprehensive classification of galaxies in the Sloan Digital
	Sky Survey: how to tell true from fake AGN?}},
  journal = {\mnras},
  year = {2011},
  volume = {413},
  pages = {1687-1699},
  month = may,
  __markedentry = {[andre:6]},
  abstract = {{We use the W$_{Halpha}$ versus [N II]/H{$\alpha$} (WHAN) diagram
	introduced by us in previous work to provide a comprehensive emission-line
	classification of Sloan Digital Sky Survey galaxies. This classification
	is able to cope with the large population of weak line galaxies that
	do not appear in traditional diagrams due to a lack of some of the
	diagnostic lines. A further advantage of the WHAN diagram is to allow
	the differentiation between two very distinct classes that overlap
	in the low-ionization nuclear emission-line region (LINER) region
	of traditional diagnostic diagrams. These are galaxies hosting a
	weakly active galactic nucleus (wAGN) and 'retired galaxies' (RGs),
	i.e. galaxies that have stopped forming stars and are ionized by
	their hot low-mass evolved stars.
	
	A useful criterion to distinguish true from fake AGN (i.e. the RGs)
	is the value of {$\xi$}, which measures the ratio of the extinction-corrected
	H{$\alpha$} luminosity with respect to the H{$\alpha$} luminosity
	expected from photoionization by stellar populations older than 10$^{8}$
	yr. We find that {$\xi$} follows a markedly bimodal distribution,
	with a {$\xi$}{\Gt} 1 population composed by systems undergoing star
	formation and/or nuclear activity, and a peak at {$\xi$}{\tilde}
	1 corresponding to the prediction of the RG model. We base our classification
	scheme not on {$\xi$} but on a more readily available and model-independent
	quantity which provides an excellent observational proxy for {$\xi$}:
	the equivalent width of H{$\alpha$}. Based on the bimodal distribution
	of W$_{Halpha}$, we set the practical division between wAGN and RGs
	at W$_{Halpha}$= 3 {\AA}.
	
	Five classes of galaxies are identified within the WHAN diagram:
	
	(i) pure star-forming galaxies: ? and W$_{Halpha}$ {\gt} 3 {\AA};
	
	(ii) strong AGN (i.e. Seyferts): ? and W$_{Halpha}$ {\gt} 6 {\AA};
	
	(iii) weak AGN: ? and W$_{Halpha}$ between 3 and 6 {\AA};
	
	(iv) RGs (i.e. fake AGN): W$_{Halpha}$ {\lt} 3 {\AA};
	
	(v) passive galaxies (actually, lineless galaxies): W$_{Halpha}$ and
	W$_{[N II]}$ {\lt} 0.5 {\AA}.
	
	A comparative analysis of star formation histories and of other physical
	and observational properties in these different classes of galaxies
	corroborates our proposed differentiation between RGs and wAGN in
	the LINER-like family. This analysis also shows similarities between
	strong and weak AGN on the one hand, and retired and passive galaxies
	on the other. }},
  adsnote = {Provided by the SAO/NASA Astrophysics Data System},
  adsurl = {http://ads.ari.uni-heidelberg.de/abs/2011MNRAS.413.1687C},
  archiveprefix = {arXiv},
  doi = {10.1111/j.1365-2966.2011.18244.x},
  eprint = {1012.4426},
  keywords = {galaxies: active, galaxies: evolution, galaxies: statistics, galaxies:
	stellar content},
  owner = {andre},
  primaryclass = {astro-ph.CO},
  timestamp = {2011.10.05}
}

@INPROCEEDINGS{CidFernandes2010,
  author = {{Cid Fernandes}, R. and {Stasi{\'n}ska}, G. and {Vale Asari}, N.
	and {Mateus}, A. and {Schlickmann}, M.~S. and {Schoenell}, W. and
	{Schoenell}},
  title = {{Emission-Line Taxonomy and the Nature of AGN-Looking Galaxies in
	the SDSS}},
  booktitle = {IAU Symposium},
  year = {2010},
  volume = {267},
  series = {IAU Symposium},
  pages = {65-72},
  month = may,
  adsnote = {Provided by the SAO/NASA Astrophysics Data System},
  adsurl = {http://adsabs.harvard.edu/abs/2010IAUS..267...65C},
  archiveprefix = {arXiv},
  doi = {10.1017/S1743921310005582},
  eprint = {0912.1376},
  keywords = {galaxies: active, galaxies: Seyfert, galaxies: statistics},
  primaryclass = {astro-ph.CO}
}

@ARTICLE{Codd1970,
  author = {{Codd}, E.~F.},
  title = {A relational model of data for large shared data banks},
  journal = {Commun. ACM},
  year = {1970},
  volume = {13},
  pages = {377--387},
  month = {June},
  acmid = {362685},
  address = {New York, NY, USA},
  doi = {http://doi.acm.org/10.1145/362384.362685},
  issn = {0001-0782},
  issue = {6},
  issue_date = {June 1970},
  keywords = {composition, consistency, data bank, data base, data integrity, data
	organization, data structure, derivability, hierarchies of data,
	join, networks of data, predicate calculus, redundancy, relations,
	retrieval language, security},
  numpages = {11},
  publisher = {ACM},
  url = {http://doi.acm.org/10.1145/362384.362685}
}

@ARTICLE{Code1970,
  author = {{Code}, A.~D. and {Houck}, T.~E. and {McNall}, J.~F. and {Bless},
	R.~C. and {Lillie}, C.~F.},
  title = {{Ultraviolet Photometry from the Orbiting Astronomical Observatory.
	I. Instrumentation and Operation}},
  journal = {\apj},
  year = {1970},
  volume = {161},
  pages = {377-+},
  month = aug,
  adsnote = {Provided by the SAO/NASA Astrophysics Data System},
  adsurl = {http://adsabs.harvard.edu/abs/1970ApJ...161..377C},
  doi = {10.1086/150545}
}

@INPROCEEDINGS{Colless1999,
  author = {{Colless}, M.},
  title = {{First results from the 2dF Galaxy Redshift Survey}},
  booktitle = {Large-Scale Structure in the Universe},
  year = {1999},
  editor = {{G.~Efstathiou \& et al.}},
  pages = {105},
  adsnote = {Provided by the SAO/NASA Astrophysics Data System},
  adsurl = {http://adsabs.harvard.edu/abs/1999lssu.conf..105C}
}

@ARTICLE{Djorgovski2008,
  author = {{Djorgovski}, S.~G. and {Baltay}, C. and {Mahabal}, A.~A. and {Drake},
	A.~J. and {Williams}, R. and {Rabinowitz}, D. and {Graham}, M.~J.
	and {Donalek}, C. and {Glikman}, E. and {Bauer}, A. and {Scalzo},
	R. and {Ellman}, N.},
  title = {{The Palomar-Quest digital synoptic sky survey}},
  journal = {Astronomische Nachrichten},
  year = {2008},
  volume = {329},
  pages = {263},
  month = mar,
  adsnote = {Provided by the SAO/NASA Astrophysics Data System},
  adsurl = {http://adsabs.harvard.edu/abs/2008AN....329..263D},
  archiveprefix = {arXiv},
  doi = {10.1002/asna.200710948},
  eprint = {0801.3005},
  keywords = {methods: data analysis, methods: observational, surveys}
}

@PHDTHESIS{Gomes2009,
  author = {{Gomes}, J. M},
  title = {Síntese espectral de galáxias: Modelos de populações estelares simples
	e compostas, ajustes, calibrações e aplicações},
  school = {Curso de Pós-Graduação em Física da Universidade Federal de Santa
	Catarina},
  year = {2009},
  owner = {andre},
  timestamp = {2011.12.14}
}

@ARTICLE{Henize1975,
  author = {{Henize}, K.~G. and {Wray}, J.~D. and {Parsons}, S.~B. and {Benedict},
	G.~F. and {Bruhweiler}, F.~C. and {Rybski}, P.~M. and {Ocallaghan},
	F.~G. },
  title = {{SKYLAB ultraviolet stellar spectra - Variation of intensity and
	structure of strong lines with temperature and luminosity}},
  journal = {\apjl},
  year = {1975},
  volume = {199},
  pages = {L119-L121},
  month = jul,
  adsnote = {Provided by the SAO/NASA Astrophysics Data System},
  adsurl = {http://adsabs.harvard.edu/abs/1975ApJ...199L.119H},
  doi = {10.1086/181862},
  keywords = {EARLY STARS, SKYLAB PROGRAM, SPACEBORNE ASTRONOMY, SPECTRAL LINE WIDTH,
	STELLAR SPECTRA, ULTRAVIOLET SPECTRA, ASTRONOMICAL PHOTOGRAPHY, LUMINOUS
	INTENSITY, STELLAR LUMINOSITY, STELLAR TEMPERATURE}
}

@ARTICLE{Huchra1983,
  author = {{Huchra}, J. and {Davis}, M. and {Latham}, D. and {Tonry}, J. },
  title = {{A survey of galaxy redshifts. IV - The data}},
  journal = {\apjs},
  year = {1983},
  volume = {52},
  pages = {89-119},
  month = jun,
  adsnote = {Provided by the SAO/NASA Astrophysics Data System},
  adsurl = {http://adsabs.harvard.edu/abs/1983ApJS...52...89H},
  doi = {10.1086/190860},
  keywords = {ASTRONOMICAL CATALOGS, GALACTIC ROTATION, RADIAL VELOCITY, RED SHIFT,
	ASTRONOMICAL SPECTROSCOPY, LUMINOSITY}
}

@INPROCEEDINGS{Huchra1988,
  author = {{Huchra}, J.~P.},
  title = {{Redshift surveys and the description of clustering in the universe}},
  booktitle = {The Minnesota lectures on Clusters of Galaxies and Large-Scale Structure},
  year = {1988},
  editor = {{J.~M.~Dickey}},
  volume = {5},
  series = {Astronomical Society of the Pacific Conference Series},
  pages = {41-70},
  adsnote = {Provided by the SAO/NASA Astrophysics Data System},
  adsurl = {http://adsabs.harvard.edu/abs/1988ASPC....5...41H},
  keywords = {GALAXIES, MASS DISTRIBUTION, RED SHIFT, SKY SURVEYS (ASTRONOMY), UNIVERSE,
	ASTRONOMICAL SPECTROSCOPY, COSMOLOGY, GALACTIC CLUSTERS, MORPHOLOGY,
	SPATIAL DISTRIBUTION, STATISTICAL ANALYSIS}
}

@ARTICLE{Ivezic2008,
  author = {{Ivezic}, Z. and {Tyson}, J.~A. and {Acosta}, E. and {Allsman}, R.
	and {Anderson}, S.~F. and {Andrew}, J. and {Angel}, R. and {Axelrod},
	T. and {Barr}, J.~D. and {Becker}, A.~C. and {Becla}, J. and {Beldica},
	C. and {Blandford}, R.~D. and {Bloom}, J.~S. and {Borne}, K. and
	{Brandt}, W.~N. and {Brown}, M.~E. and {Bullock}, J.~S. and {Burke},
	D.~L. and {Chandrasekharan}, S. and {Chesley}, S. and {Claver}, C.~F.
	and {Connolly}, A. and {Cook}, K.~H. and {Cooray}, A. and {Covey},
	K.~R. and {Cribbs}, C. and {Cutri}, R. and {Daues}, G. and {Delgado},
	F. and {Ferguson}, H. and {Gawiser}, E. and {Geary}, J.~C. and {Gee},
	P. and {Geha}, M. and {Gibson}, R.~R. and {Gilmore}, D.~K. and {Gressler},
	W.~J. and {Hogan}, C. and {Huffer}, M.~E. and {Jacoby}, S.~H. and
	{Jain}, B. and {Jernigan}, J.~G. and {Jones}, R.~L. and {Juric},
	M. and {Kahn}, S.~M. and {Kalirai}, J.~S. and {Kantor}, J.~P. and
	{Kessler}, R. and {Kirkby}, D. and {Knox}, L. and {Krabbendam}, V.~L.
	and {Krughoff}, S. and {Kulkarni}, S. and {Lambert}, R. and {Levine},
	D. and {Liang}, M. and {Lim}, K. and {Lupton}, R.~H. and {Marshall},
	P. and {Marshall}, S. and {May}, M. and {Miller}, M. and {Mills},
	D.~J. and {Monet}, D.~G. and {Neill}, D.~R. and {Nordby}, M. and
	{O'Connor}, P. and {Oliver}, J. and {Olivier}, S.~S. and {Olsen},
	K. and {Owen}, R.~E. and {Peterson}, J.~R. and {Petry}, C.~E. and
	{Pierfederici}, F. and {Pietrowicz}, S. and {Pike}, R. and {Pinto},
	P.~A. and {Plante}, R. and {Radeka}, V. and {Rasmussen}, A. and {Ridgway},
	S.~T. and {Rosing}, W. and {Saha}, A. and {Schalk}, T.~L. and {Schindler},
	R.~H. and {Schneider}, D.~P. and {Schumacher}, G. and {Sebag}, J.
	and {Seppala}, L.~G. and {Shipsey}, I. and {Silvestri}, N. and {Smith},
	J.~A. and {Smith}, R.~C. and {Strauss}, M.~A. and {Stubbs}, C.~W.
	and {Sweeney}, D. and {Szalay}, A. and {Thaler}, J.~J. and {Vanden
	Berk}, D. and {Walkowicz}, L. and {Warner}, M. and {Willman}, B.
	and {Wittman}, D. and {Wolff}, S.~C. and {Wood-Vasey}, W.~M. and
	{Yoachim}, P. and {Zhan}, H. and {for the LSST Collaboration} },
  title = {{LSST: from Science Drivers to Reference Design and Anticipated Data
	Products}},
  journal = {ArXiv e-prints},
  year = {2008},
  month = may,
  adsnote = {Provided by the SAO/NASA Astrophysics Data System},
  adsurl = {http://adsabs.harvard.edu/abs/2008arXiv0805.2366I},
  archiveprefix = {arXiv},
  eprint = {0805.2366},
  keywords = {Astrophysics}
}

@BOOK{Kondo1987,
  title = {Exploring the universe with the IUE satellite},
  publisher = {D. Reidel},
  year = {1987},
  author = {{Kondo}, Y. and {Wamsteker}, W.},
  series = {Astrophysics and space science library},
  isbn = {9789027723802},
  lccn = {87009807},
  url = {http://books.google.com/books?id=hDcpAAAAYAAJ}
}

@INPROCEEDINGS{Kunszt2001,
  author = {{Kunszt}, P.Z. and {Szalay}, A. S. and {Thakar} A. R.},
  title = {The Hierarchical Triangular Mesh},
  booktitle = {Mining the sky: proceedings of the MPA/ESO/MPE Workshop, held at
	Garching, Germany, July 31-August 4, 2000},
  year = {2001},
  editor = {{Banday}, A.J. and {Zaroubi}, S. and{Bartelmann}, M.},
  series = {ESO astrophysics symposia},
  pages = {631-637},
  publisher = {Springer},
  owner = {andre},
  timestamp = {2011.10.21}
}

@INPROCEEDINGS{Kunszt2000,
  author = {{Kunszt}, P.~Z. and {Szalay}, A.~S. and {Csabai}, I. and {Thakar},
	A.~R.},
  title = {{The Indexing of the SDSS Science Archive}},
  booktitle = {Astronomical Data Analysis Software and Systems IX},
  year = {2000},
  editor = {{N.~Manset, C.~Veillet, \& D.~Crabtree}},
  volume = {216},
  series = {Astronomical Society of the Pacific Conference Series},
  pages = {141-+},
  adsnote = {Provided by the SAO/NASA Astrophysics Data System},
  adsurl = {http://adsabs.harvard.edu/abs/2000ASPC..216..141K}
}

@ARTICLE{Lara-Lopez2010,
  author = {{Lara-L{\'o}pez}, M.~A. and {Bongiovanni}, A. and {Cepa}, J. and
	{P{\'e}rez Garc{\'{\i}}a}, A.~M. and {S{\'a}nchez-Portal}, M. and
	{Casta{\~n}eda}, H.~O. and {Fern{\'a}ndez Lorenzo}, M. and {Povi{\'c}},
	M. },
  title = {{Study of star-forming galaxies in SDSS up to redshift 0.4. II. Evolution
	from the fundamental parameters: mass, metallicity and star formation
	rate}},
  journal = {\aap},
  year = {2010},
  volume = {519},
  pages = {A31},
  month = sep,
  eid = {A31},
  adsnote = {Provided by the SAO/NASA Astrophysics Data System},
  adsurl = {http://adsabs.harvard.edu/abs/2010A%26A...519A..31L},
  archiveprefix = {arXiv},
  doi = {10.1051/0004-6361/200913886},
  eprint = {1003.5475},
  keywords = {galaxies: abundances, galaxies: evolution, galaxies: starburst, galaxies:
	spiral, galaxies: star formation},
  primaryclass = {astro-ph.CO}
}

@ARTICLE{Lara-Lopez2009,
  author = {{Lara-L{\'o}pez}, M.~A. and {Cepa}, J. and {Bongiovanni}, A. and
	{P{\'e}rez Garc{\'{\i}}a}, A.~M. and {Casta{\~n}eda}, H. and {Fern{\'a}ndez
	Lorenzo}, M. and {Povi{\'c}}, M. and {S{\'a}nchez-Portal}, M. },
  title = {{Study of star-forming galaxies in SDSS up to redshift 0.4. I. Metallicity
	evolution}},
  journal = {\aap},
  year = {2009},
  volume = {505},
  pages = {529-539},
  month = oct,
  adsnote = {Provided by the SAO/NASA Astrophysics Data System},
  adsurl = {http://adsabs.harvard.edu/abs/2009A%26A...505..529L},
  archiveprefix = {arXiv},
  doi = {10.1051/0004-6361/200912214},
  eprint = {0907.0450},
  keywords = {galaxies: abundances, galaxies: evolution, galaxies: starburst},
  primaryclass = {astro-ph.CO}
}

@ARTICLE{Liang2007,
  author = {{Liang}, Y.~C. and {Hammer}, F. and {Yin}, S.~Y. and {Flores}, H.
	and {Rodrigues}, M. and {Yang}, Y.~B.},
  title = {{The direct oxygen abundances of metal-rich galaxies derived from
	electron temperature}},
  journal = {\aap},
  year = {2007},
  volume = {473},
  pages = {411-421},
  month = oct,
  adsnote = {Provided by the SAO/NASA Astrophysics Data System},
  adsurl = {http://adsabs.harvard.edu/abs/2007A%26A...473..411L},
  archiveprefix = {arXiv},
  doi = {10.1051/0004-6361:20077436},
  eprint = {0708.1648},
  keywords = {galaxies: abundances, galaxies: evolution, galaxies: ISM, galaxies:
	spiral, galaxies: starburst, galaxies: stellar content}
}

@ARTICLE{Lintott2008,
  author = {{Lintott}, C.~J. and {Schawinski}, K. and {Slosar}, A. and {Land},
	K. and {Bamford}, S. and {Thomas}, D. and {Raddick}, M.~J. and {Nichol},
	R.~C. and {Szalay}, A. and {Andreescu}, D. and {Murray}, P. and {Vandenberg},
	J. },
  title = {{Galaxy Zoo: morphologies derived from visual inspection of galaxies
	from the Sloan Digital Sky Survey}},
  journal = {\mnras},
  year = {2008},
  volume = {389},
  pages = {1179-1189},
  month = sep,
  adsnote = {Provided by the SAO/NASA Astrophysics Data System},
  adsurl = {http://adsabs.harvard.edu/abs/2008MNRAS.389.1179L},
  archiveprefix = {arXiv},
  doi = {10.1111/j.1365-2966.2008.13689.x},
  eprint = {0804.4483},
  keywords = {methods: data analysis , galaxies: elliptical and lenticular, cD ,
	galaxies: general , galaxies: spiral}
}

@ARTICLE{Li2008,
  author = {{Li}, N. and {Thakar}, A.~R.},
  title = {CasJobs and MyDB: A Batch Query Workbench},
  journal = {Computing in Science Engineering},
  year = {2008},
  volume = {10},
  pages = {18 -29},
  number = {1},
  month = {jan.-feb. },
  doi = {10.1109/MCSE.2008.6},
  issn = {1521-9615},
  keywords = {asynchronous query workbench service;catalog archive server job;personal
	database;unrestricted SQL queries;SQL;Web services;query processing;}
}

@ARTICLE{Maier1986,
  author = {{Maier}, David and {Stein}, Jacob and {Otis}, Allen and {Purdy},
	Alan},
  title = {Development of an object-oriented DBMS},
  journal = {SIGPLAN Not.},
  year = {1986},
  volume = {21},
  pages = {472--482},
  month = {June},
  acmid = {28746},
  address = {New York, NY, USA},
  doi = {http://doi.acm.org/10.1145/960112.28746},
  issn = {0362-1340},
  issue = {11},
  numpages = {11},
  publisher = {ACM},
  url = {http://doi.acm.org/10.1145/960112.28746}
}

@ARTICLE{Martin2005,
  author = {{Martin}, D.~C. and {Fanson}, J. and {Schiminovich}, D. and {Morrissey},
	P. and {Friedman}, P.~G. and {Barlow}, T.~A. and {Conrow}, T. and
	{Grange}, R. and {Jelinsky}, P.~N. and {Milliard}, B. and {Siegmund},
	O.~H.~W. and {Bianchi}, L. and {Byun}, Y.-I. and {Donas}, J. and
	{Forster}, K. and {Heckman}, T.~M. and {Lee}, Y.-W. and {Madore},
	B.~F. and {Malina}, R.~F. and {Neff}, S.~G. and {Rich}, R.~M. and
	{Small}, T. and {Surber}, F. and {Szalay}, A.~S. and {Welsh}, B.
	and {Wyder}, T.~K.},
  title = {{The Galaxy Evolution Explorer: A Space Ultraviolet Survey Mission}},
  journal = {\apjl},
  year = {2005},
  volume = {619},
  pages = {L1-L6},
  month = jan,
  adsnote = {Provided by the SAO/NASA Astrophysics Data System},
  adsurl = {http://adsabs.harvard.edu/abs/2005ApJ...619L...1M},
  doi = {10.1086/426387},
  eprint = {arXiv:astro-ph/0411302},
  keywords = {Galaxies: Evolution, Galaxies: General, Space Vehicles: Instruments,
	Surveys, Ultraviolet: Galaxies, Ultraviolet: General}
}

@ARTICLE{Martin2007,
  author = {{Martin}, D.~C. and {Wyder}, T.~K. and {Schiminovich}, D. and {Barlow},
	T.~A. and {Forster}, K. and {Friedman}, P.~G. and {Morrissey}, P.
	and {Neff}, S.~G. and {Seibert}, M. and {Small}, T. and {Welsh},
	B.~Y. and {Bianchi}, L. and {Donas}, J. and {Heckman}, T.~M. and
	{Lee}, Y.-W. and {Madore}, B.~F. and {Milliard}, B. and {Rich}, R.~M.
	and {Szalay}, A.~S. and {Yi}, S.~K.},
  title = {{The UV-Optical Galaxy Color-Magnitude Diagram. III. Constraints
	on Evolution from the Blue to the Red Sequence}},
  journal = {\apjs},
  year = {2007},
  volume = {173},
  pages = {342-356},
  month = dec,
  adsnote = {Provided by the SAO/NASA Astrophysics Data System},
  adsurl = {http://adsabs.harvard.edu/abs/2007ApJS..173..342M},
  doi = {10.1086/516639},
  eprint = {arXiv:astro-ph/0703281},
  keywords = {Galaxies: Evolution, Ultraviolet: Galaxies}
}

@PHDTHESIS{Mateus2006,
  author = {{Mateus}, A.},
  title = {Análise Semi-Empírica de Espectros de Galáxias},
  school = {Instituto de Astronomia, Geofísica e Ciências Atmosféricas da Universidade
	de São Paulo},
  year = {2006},
  owner = {andre},
  timestamp = {2011.12.14}
}

@ARTICLE{Morrissey2007,
  author = {{Morrissey}, P. and {Conrow}, T. and {Barlow}, T.~A. and {Small},
	T. and {Seibert}, M. and {Wyder}, T.~K. and {Budav{\'a}ri}, T. and
	{Arnouts}, S. and {Friedman}, P.~G. and {Forster}, K. and {Martin},
	D.~C. and {Neff}, S.~G. and {Schiminovich}, D. and {Bianchi}, L.
	and {Donas}, J. and {Heckman}, T.~M. and {Lee}, Y.-W. and {Madore},
	B.~F. and {Milliard}, B. and {Rich}, R.~M. and {Szalay}, A.~S. and
	{Welsh}, B.~Y. and {Yi}, S.~K. },
  title = {{The Calibration and Data Products of GALEX}},
  journal = {\apjs},
  year = {2007},
  volume = {173},
  pages = {682-697},
  month = dec,
  adsnote = {Provided by the SAO/NASA Astrophysics Data System},
  adsurl = {http://adsabs.harvard.edu/abs/2007ApJS..173..682M},
  doi = {10.1086/520512},
  keywords = {Space Vehicles, Surveys, Telescopes, Ultraviolet: General}
}

@ARTICLE{Morrissey2005,
  author = {{Morrissey}, P. and {Schiminovich}, D. and {Barlow}, T.~A. and {Martin},
	D.~C. and {Blakkolb}, B. and {Conrow}, T. and {Cooke}, B. and {Erickson},
	K. and {Fanson}, J. and {Friedman}, P.~G. and {Grange}, R. and {Jelinsky},
	P.~N. and {Lee}, S.-C. and {Liu}, D. and {Mazer}, A. and {McLean},
	R. and {Milliard}, B. and {Randall}, D. and {Schmitigal}, W. and
	{Sen}, A. and {Siegmund}, O.~H.~W. and {Surber}, F. and {Vaughan},
	A. and {Viton}, M. and {Welsh}, B.~Y. and {Bianchi}, L. and {Byun},
	Y.-I. and {Donas}, J. and {Forster}, K. and {Heckman}, T.~M. and
	{Lee}, Y.-W. and {Madore}, B.~F. and {Malina}, R.~F. and {Neff},
	S.~G. and {Rich}, R.~M. and {Small}, T. and {Szalay}, A.~S. and {Wyder},
	T.~K.},
  title = {{The On-Orbit Performance of the Galaxy Evolution Explorer}},
  journal = {\apjl},
  year = {2005},
  volume = {619},
  pages = {L7-L10},
  month = jan,
  adsnote = {Provided by the SAO/NASA Astrophysics Data System},
  adsurl = {http://adsabs.harvard.edu/abs/2005ApJ...619L...7M},
  doi = {10.1086/424734},
  eprint = {arXiv:astro-ph/0411310},
  keywords = {Space Vehicles: Instruments, Surveys, Telescopes, Ultraviolet: General}
}

@ARTICLE{Norris2010,
  author = {{Norris}, R.~P.},
  title = {{Next-generation Astronomy}},
  journal = {ArXiv e-prints},
  year = {2010},
  month = sep,
  adsnote = {Provided by the SAO/NASA Astrophysics Data System},
  adsurl = {http://adsabs.harvard.edu/abs/2010arXiv1009.6027N},
  archiveprefix = {arXiv},
  eprint = {1009.6027},
  keywords = {Astrophysics - Instrumentation and Methods for Astrophysics, Physics
	- History of Physics},
  primaryclass = {astro-ph.IM}
}

@ARTICLE{OMill2011,
  author = {{O'Mill}, A.~L. and {Duplancic}, F. and {Garc{\'{\i}}a Lambas}, D.
	and {Sodr{\'e}}, Jr., L.},
  title = {{Photometric redshifts and k-corrections for the Sloan Digital Sky
	Survey Data Release 7}},
  journal = {\mnras},
  year = {2011},
  volume = {413},
  pages = {1395-1408},
  month = may,
  adsnote = {Provided by the SAO/NASA Astrophysics Data System},
  adsurl = {http://adsabs.harvard.edu/abs/2011MNRAS.413.1395O},
  archiveprefix = {arXiv},
  doi = {10.1111/j.1365-2966.2011.18222.x},
  eprint = {1012.3752},
  keywords = {galaxies: distances and redshifts, galaxies: formation, cosmology:
	theory},
  primaryclass = {astro-ph.CO}
}

@ARTICLE{Peeples2009,
  author = {{Peeples}, M.~S. and {Pogge}, R.~W. and {Stanek}, K.~Z.},
  title = {{Outliers from the Mass-Metallicity Relation. II. A Sample of Massive
	Metal-Poor Galaxies from SDSS}},
  journal = {\apj},
  year = {2009},
  volume = {695},
  pages = {259-267},
  month = apr,
  adsnote = {Provided by the SAO/NASA Astrophysics Data System},
  adsurl = {http://adsabs.harvard.edu/abs/2009ApJ...695..259P},
  archiveprefix = {arXiv},
  doi = {10.1088/0004-637X/695/1/259},
  eprint = {0809.0896},
  keywords = {galaxies: abundances, galaxies: evolution}
}

@ARTICLE{Schiminovich2007,
  author = {{Schiminovich}, D. and {Wyder}, T.~K. and {Martin}, D.~C. and {Johnson},
	B.~D. and {Salim}, S. and {Seibert}, M. and {Treyer}, M.~A. and {Budav{\'a}ri},
	T. and {Hoopes}, C. and {Zamojski}, M. and {Barlow}, T.~A. and {Forster},
	K.~G. and {Friedman}, P.~G. and {Morrissey}, P. and {Neff}, S.~G.
	and {Small}, T.~A. and {Bianchi}, L. and {Donas}, J. and {Heckman},
	T.~M. and {Lee}, Y.-W. and {Madore}, B.~F. and {Milliard}, B. and
	{Rich}, R.~M. and {Szalay}, A.~S. and {Welsh}, B.~Y. and {Yi}, S.
	},
  title = {{The UV-Optical Color Magnitude Diagram. II. Physical Properties
	and Morphological Evolution On and Off of a Star-forming Sequence}},
  journal = {\apjs},
  year = {2007},
  volume = {173},
  pages = {315-341},
  month = dec,
  adsnote = {Provided by the SAO/NASA Astrophysics Data System},
  adsurl = {http://adsabs.harvard.edu/abs/2007ApJS..173..315S},
  archiveprefix = {arXiv},
  doi = {10.1086/524659},
  eprint = {0711.4823},
  keywords = {Galaxies: Evolution, Galaxies: Formation, Surveys, Ultraviolet: Galaxies}
}

@ARTICLE{Schlegel1998,
  author = {{Schlegel}, D.~J. and {Finkbeiner}, D.~P. and {Davis}, M.},
  title = {{Maps of Dust Infrared Emission for Use in Estimation of Reddening
	and Cosmic Microwave Background Radiation Foregrounds}},
  journal = {\apj},
  year = {1998},
  volume = {500},
  pages = {525},
  month = jun,
  adsnote = {Provided by the SAO/NASA Astrophysics Data System},
  adsurl = {http://adsabs.harvard.edu/abs/1998ApJ...500..525S},
  doi = {10.1086/305772},
  eprint = {arXiv:astro-ph/9710327},
  keywords = {COSMOLOGY: DIFFUSE RADIATION, COSMOLOGY: COSMIC MICROWAVE BACKGROUND,
	ISM: DUST, EXTINCTION, INTERPLANETARY MEDIUM, INFRARED: ISM: CONTINUUM}
}

@ARTICLE{Skrutskie2006,
  author = {{Skrutskie}, M.~F. and {Cutri}, R.~M. and {Stiening}, R. and {Weinberg},
	M.~D. and {Schneider}, S. and {Carpenter}, J.~M. and {Beichman},
	C. and {Capps}, R. and {Chester}, T. and {Elias}, J. and {Huchra},
	J. and {Liebert}, J. and {Lonsdale}, C. and {Monet}, D.~G. and {Price},
	S. and {Seitzer}, P. and {Jarrett}, T. and {Kirkpatrick}, J.~D. and
	{Gizis}, J.~E. and {Howard}, E. and {Evans}, T. and {Fowler}, J.
	and {Fullmer}, L. and {Hurt}, R. and {Light}, R. and {Kopan}, E.~L.
	and {Marsh}, K.~A. and {McCallon}, H.~L. and {Tam}, R. and {Van Dyk},
	S. and {Wheelock}, S.},
  title = {{The Two Micron All Sky Survey (2MASS)}},
  journal = {\aj},
  year = {2006},
  volume = {131},
  pages = {1163-1183},
  month = feb,
  adsnote = {Provided by the SAO/NASA Astrophysics Data System},
  adsurl = {http://adsabs.harvard.edu/abs/2006AJ....131.1163S},
  doi = {10.1086/498708},
  keywords = {Catalogs, Infrared: General, Surveys}
}

@ARTICLE{Spanos2000,
  author = {Spanos, Aris},
  title = {Revisiting data mining: ‘hunting’ with or without a license},
  journal = {Journal of Economic Methodology},
  year = {2000},
  volume = {7},
  pages = {231-264},
  number = {2},
  doi = {10.1080/13501780050045119},
  eprint = {http://www.tandfonline.com/doi/pdf/10.1080/13501780050045119},
  url = {http://www.tandfonline.com/doi/abs/10.1080/13501780050045119}
}

@ARTICLE{Stecher1997,
  author = {{Stecher}, T.~P. and {Cornett}, R.~H. and {Greason}, M.~R. and {Landsman},
	W.~B. and {Hill}, J.~K. and {Hill}, R.~S. and {Bohlin}, R.~C. and
	{Chen}, P.~C. and {Collins}, N.~R. and {Fanelli}, M.~N. and {Hollis},
	J.~I. and {Neff}, S.~G. and {O'Connell}, R.~W. and {Offenberg}, J.~D.
	and {Parise}, R.~A. and {Parker}, J. and {Roberts}, M.~S. and {Smith},
	A.~M. and {Waller}, W.~H.},
  title = {{The Ultraviolet Imaging Telescope: Instrument and Data Characteristics}},
  journal = {\pasp},
  year = {1997},
  volume = {109},
  pages = {584-599},
  month = may,
  adsnote = {Provided by the SAO/NASA Astrophysics Data System},
  adsurl = {http://adsabs.harvard.edu/abs/1997PASP..109..584S},
  doi = {10.1086/133917},
  eprint = {arXiv:astro-ph/9704297},
  keywords = {TELESCOPES}
}

@ARTICLE{Strauss2002,
  author = {{Strauss}, M.~A. and {Weinberg}, D.~H. and {Lupton}, R.~H. and {Narayanan},
	V.~K. and {Annis}, J. and {Bernardi}, M. and {Blanton}, M. and {Burles},
	S. and {Connolly}, A.~J. and {Dalcanton}, J. and {Doi}, M. and {Eisenstein},
	D. and {Frieman}, J.~A. and {Fukugita}, M. and {Gunn}, J.~E. and
	{Ivezi{\'c}}, {\v Z}. and {Kent}, S. and {Kim}, R.~S.~J. and {Knapp},
	G.~R. and {Kron}, R.~G. and {Munn}, J.~A. and {Newberg}, H.~J. and
	{Nichol}, R.~C. and {Okamura}, S. and {Quinn}, T.~R. and {Richmond},
	M.~W. and {Schlegel}, D.~J. and {Shimasaku}, K. and {SubbaRao}, M.
	and {Szalay}, A.~S. and {Vanden Berk}, D. and {Vogeley}, M.~S. and
	{Yanny}, B. and {Yasuda}, N. and {York}, D.~G. and {Zehavi}, I. },
  title = {{Spectroscopic Target Selection in the Sloan Digital Sky Survey:
	The Main Galaxy Sample}},
  journal = {\aj},
  year = {2002},
  volume = {124},
  pages = {1810-1824},
  month = sep,
  adsnote = {Provided by the SAO/NASA Astrophysics Data System},
  adsurl = {http://adsabs.harvard.edu/abs/2002AJ....124.1810S},
  doi = {10.1086/342343},
  eprint = {arXiv:astro-ph/0206225},
  keywords = {Galaxies: Distances and Redshifts, Galaxies: Photometry, Surveys}
}

@INPROCEEDINGS{Szalay2002,
  author = {{Szalay}, Alexander~S. and {Gray}, Jim and {Thakar}, Ani~R. and {Kunszt},
	Peter~Z. and {Malik}, Tanu and {Raddick}, Jordan and {Stoughton},
	Christopher and {vandenBerg}, Jan},
  title = {The SDSS skyserver: public access to the sloan digital sky server
	data},
  booktitle = {Proceedings of the 2002 ACM SIGMOD international conference on Management
	of data},
  year = {2002},
  series = {SIGMOD '02},
  pages = {570--581},
  address = {New York, NY, USA},
  publisher = {ACM},
  acmid = {564758},
  doi = {http://doi.acm.org/10.1145/564691.564758},
  isbn = {1-58113-497-5},
  location = {Madison, Wisconsin},
  numpages = {12},
  url = {http://doi.acm.org/10.1145/564691.564758}
}

@ARTICLE{Thakar2004,
  author = {{Thakar}, A.~R. and {Szalay}, A.~S. and {Kunszt}, P.~Z. and {Gray},
	J.},
  title = {{The Sloan Digital Sky Survey Science Archive: Migrating a Multi-Terabyte
	Astronomical Archive from Object to Relational DBMS}},
  journal = {eprint arXiv:cs/0403020},
  year = {2004},
  month = mar,
  adsnote = {Provided by the SAO/NASA Astrophysics Data System},
  adsurl = {http://adsabs.harvard.edu/abs/2004cs........3020T},
  eprint = {arXiv:cs/0403020},
  keywords = {Computer Science - Databases, H.0}
}

@ARTICLE{Way2011,
  author = {{Way}, M.~J.},
  title = {{Challenges for LSST scale data sets}},
  journal = {ArXiv e-prints},
  year = {2011},
  month = aug,
  adsnote = {Provided by the SAO/NASA Astrophysics Data System},
  adsurl = {http://adsabs.harvard.edu/abs/2011arXiv1108.5124W},
  archiveprefix = {arXiv},
  eprint = {1108.5124},
  keywords = {Astrophysics - Instrumentation and Methods for Astrophysics},
  primaryclass = {astro-ph.IM}
}

@ARTICLE{Wright2010,
  author = {{Wright}, E.~L. and {Eisenhardt}, P.~R.~M. and {Mainzer}, A.~K. and
	{Ressler}, M.~E. and {Cutri}, R.~M. and {Jarrett}, T. and {Kirkpatrick},
	J.~D. and {Padgett}, D. and {McMillan}, R.~S. and {Skrutskie}, M.
	and {Stanford}, S.~A. and {Cohen}, M. and {Walker}, R.~G. and {Mather},
	J.~C. and {Leisawitz}, D. and {Gautier}, III, T.~N. and {McLean},
	I. and {Benford}, D. and {Lonsdale}, C.~J. and {Blain}, A. and {Mendez},
	B. and {Irace}, W.~R. and {Duval}, V. and {Liu}, F. and {Royer},
	D. and {Heinrichsen}, I. and {Howard}, J. and {Shannon}, M. and {Kendall},
	M. and {Walsh}, A.~L. and {Larsen}, M. and {Cardon}, J.~G. and {Schick},
	S. and {Schwalm}, M. and {Abid}, M. and {Fabinsky}, B. and {Naes},
	L. and {Tsai}, C.-W.},
  title = {{The Wide-field Infrared Survey Explorer (WISE): Mission Description
	and Initial On-orbit Performance}},
  journal = {\aj},
  year = {2010},
  volume = {140},
  pages = {1868-1881},
  month = dec,
  eid = {1868},
  adsnote = {Provided by the SAO/NASA Astrophysics Data System},
  adsurl = {http://adsabs.harvard.edu/abs/2010AJ....140.1868W},
  archiveprefix = {arXiv},
  doi = {10.1088/0004-6256/140/6/1868},
  eprint = {1008.0031},
  keywords = {infrared: general, space vehicles, surveys},
  primaryclass = {astro-ph.IM}
}

@ARTICLE{Wyder2007,
  author = {{Wyder}, T.~K. and {Martin}, D.~C. and {Schiminovich}, D. and {Seibert},
	M. and {Budav{\'a}ri}, T. and {Treyer}, M.~A. and {Barlow}, T.~A.
	and {Forster}, K. and {Friedman}, P.~G. and {Morrissey}, P. and {Neff},
	S.~G. and {Small}, T. and {Bianchi}, L. and {Donas}, J. and {Heckman},
	T.~M. and {Lee}, Y.-W. and {Madore}, B.~F. and {Milliard}, B. and
	{Rich}, R.~M. and {Szalay}, A.~S. and {Welsh}, B.~Y. and {Yi}, S.~K.},
  title = {{The UV-Optical Galaxy Color-Magnitude Diagram. I. Basic Properties}},
  journal = {\apjs},
  year = {2007},
  volume = {173},
  pages = {293-314},
  month = dec,
  adsnote = {Provided by the SAO/NASA Astrophysics Data System},
  adsurl = {http://adsabs.harvard.edu/abs/2007ApJS..173..293W},
  archiveprefix = {arXiv},
  doi = {10.1086/521402},
  eprint = {0706.3938},
  keywords = {Galaxies: Evolution, Galaxies: Fundamental Parameters, Galaxies: Luminosity
	Function, Mass Function, Galaxies: Statistics, Ultraviolet: Galaxies}
}

@ARTICLE{York2000,
  author = {{York}, D.~G. and {Adelman}, J. and {Anderson}, Jr., J.~E. and {Anderson},
	S.~F. and {Annis}, J. and {Bahcall}, N.~A. and {Bakken}, J.~A. and
	{Barkhouser}, R. and {Bastian}, S. and {Berman}, E. and {Boroski},
	W.~N. and {Bracker}, S. and {Briegel}, C. and {Briggs}, J.~W. and
	{Brinkmann}, J. and {Brunner}, R. and {Burles}, S. and {Carey}, L.
	and {Carr}, M.~A. and {Castander}, F.~J. and {Chen}, B. and {Colestock},
	P.~L. and {Connolly}, A.~J. and {Crocker}, J.~H. and {Csabai}, I.
	and {Czarapata}, P.~C. and {Davis}, J.~E. and {Doi}, M. and {Dombeck},
	T. and {Eisenstein}, D. and {Ellman}, N. and {Elms}, B.~R. and {Evans},
	M.~L. and {Fan}, X. and {Federwitz}, G.~R. and {Fiscelli}, L. and
	{Friedman}, S. and {Frieman}, J.~A. and {Fukugita}, M. and {Gillespie},
	B. and {Gunn}, J.~E. and {Gurbani}, V.~K. and {de Haas}, E. and {Haldeman},
	M. and {Harris}, F.~H. and {Hayes}, J. and {Heckman}, T.~M. and {Hennessy},
	G.~S. and {Hindsley}, R.~B. and {Holm}, S. and {Holmgren}, D.~J.
	and {Huang}, C.-h. and {Hull}, C. and {Husby}, D. and {Ichikawa},
	S.-I. and {Ichikawa}, T. and {Ivezi{\'c}}, {\v Z}. and {Kent}, S.
	and {Kim}, R.~S.~J. and {Kinney}, E. and {Klaene}, M. and {Kleinman},
	A.~N. and {Kleinman}, S. and {Knapp}, G.~R. and {Korienek}, J. and
	{Kron}, R.~G. and {Kunszt}, P.~Z. and {Lamb}, D.~Q. and {Lee}, B.
	and {Leger}, R.~F. and {Limmongkol}, S. and {Lindenmeyer}, C. and
	{Long}, D.~C. and {Loomis}, C. and {Loveday}, J. and {Lucinio}, R.
	and {Lupton}, R.~H. and {MacKinnon}, B. and {Mannery}, E.~J. and
	{Mantsch}, P.~M. and {Margon}, B. and {McGehee}, P. and {McKay},
	T.~A. and {Meiksin}, A. and {Merelli}, A. and {Monet}, D.~G. and
	{Munn}, J.~A. and {Narayanan}, V.~K. and {Nash}, T. and {Neilsen},
	E. and {Neswold}, R. and {Newberg}, H.~J. and {Nichol}, R.~C. and
	{Nicinski}, T. and {Nonino}, M. and {Okada}, N. and {Okamura}, S.
	and {Ostriker}, J.~P. and {Owen}, R. and {Pauls}, A.~G. and {Peoples},
	J. and {Peterson}, R.~L. and {Petravick}, D. and {Pier}, J.~R. and
	{Pope}, A. and {Pordes}, R. and {Prosapio}, A. and {Rechenmacher},
	R. and {Quinn}, T.~R. and {Richards}, G.~T. and {Richmond}, M.~W.
	and {Rivetta}, C.~H. and {Rockosi}, C.~M. and {Ruthmansdorfer}, K.
	and {Sandford}, D. and {Schlegel}, D.~J. and {Schneider}, D.~P. and
	{Sekiguchi}, M. and {Sergey}, G. and {Shimasaku}, K. and {Siegmund},
	W.~A. and {Smee}, S. and {Smith}, J.~A. and {Snedden}, S. and {Stone},
	R. and {Stoughton}, C. and {Strauss}, M.~A. and {Stubbs}, C. and
	{SubbaRao}, M. and {Szalay}, A.~S. and {Szapudi}, I. and {Szokoly},
	G.~P. and {Thakar}, A.~R. and {Tremonti}, C. and {Tucker}, D.~L.
	and {Uomoto}, A. and {Vanden Berk}, D. and {Vogeley}, M.~S. and {Waddell},
	P. and {Wang}, S.-i. and {Watanabe}, M. and {Weinberg}, D.~H. and
	{Yanny}, B. and {Yasuda}, N. and {SDSS Collaboration}},
  title = {{The Sloan Digital Sky Survey: Technical Summary}},
  journal = {\aj},
  year = {2000},
  volume = {120},
  pages = {1579-1587},
  month = sep,
  adsnote = {Provided by the SAO/NASA Astrophysics Data System},
  adsurl = {http://adsabs.harvard.edu/abs/2000AJ....120.1579Y},
  doi = {10.1086/301513},
  eprint = {arXiv:astro-ph/0006396},
  keywords = {Cosmology: Observations, Instrumentation: Miscellaneous}
}

@PROCEEDINGS{SIGKDD2011,
  title = {KDD '11: Proceedings of the 17th ACM SIGKDD international conference
	on Knowledge discovery and data mining},
  year = {2011},
  editor = {{Apte}, Chid},
  address = {New York, NY, USA},
  publisher = {ACM},
  note = {618112},
  isbn = {978-1-4503-0813-7},
  location = {San Diego, California, USA}
}

@comment{jabref-meta: groupsversion:3;}

@comment{jabref-meta: groupstree:
0 AllEntriesGroup:;
1 ExplicitGroup:Dissertacao\;0\;Boksenberg1973\;Bowyer1993\;Budavari20
09\;Carruthers1973\;Chamberlin1974\;Codd1970\;Code1970\;Henize1975\;Ko
ndo1987\;Martin2005\;Martin2007\;Morrissey2005\;Morrissey2007\;Schimin
ovich2007\;Stecher1997\;Wyder2007\;vanDuinen1975\;;
1 ExplicitGroup:ler\;0\;Li2008\;Szalay2002\;Thakar2004\;;
}

